<?xml version="1.0" encoding="UTF-8"?><collection xmlns="http://www.loc.gov/MARC21/slim"><record><leader>00513nam--2200169-u-4500</leader><controlfield tag="001">000054904</controlfield><controlfield tag="002">20161230</controlfield><controlfield tag="005">20161230201051</controlfield><controlfield tag="008">120702s1000------------r-----000-0-eng-d</controlfield><datafield ind1=" " ind2=" " tag="040"><subfield code="a">IFIN-HH</subfield></datafield><datafield ind1=" " ind2=" " tag="080"><subfield code="a">539.184.2</subfield></datafield><datafield ind1="1" ind2=" " tag="100"><subfield code="a">Wensky, David Allen</subfield></datafield><datafield ind1="1" ind2="0" tag="245"><subfield code="a">Electronic energy levels of pr+3 and optical absorption studies of pr(...)</subfield><subfield code="b">Dissertation</subfield><subfield code="c">David allen wensky</subfield></datafield><datafield ind1=" " ind2=" " tag="260"><subfield code="a">Ann Arbor, Michigan</subfield><subfield code="b">University Microfils</subfield><subfield code="c">1962</subfield></datafield><datafield ind1=" " ind2=" " tag="300"><subfield code="a">234P</subfield></datafield><datafield ind1=" " ind2=" " tag="852"><subfield code="a">36070</subfield><subfield code="c">539.18</subfield></datafield><datafield ind1=" " ind2=" " tag="CAT"><subfield code="a">Sys</subfield><subfield code="c">20120702</subfield><subfield code="h">154201</subfield></datafield></record></collection>